@article{sketchpad,
    author="Sutherland",
    title="Sketchpad a man-machine graphical communication system.",
    year="1964",
    note="Transactions of the Society for Computer Simulation",
}

@article{gecode,
    author="Schulte, C., Tack, G., and Lagerkvist, M. Z.",
    title="Modeling and programming with gecode.",
    year="2010",
    note="Christian and Tack, Guido and Lagerkvist, Mikael",
}

@article{logic,
    author="Perlovsky, L. I.",
    title="The mind vs. logic: Aristotle and Zadeh.",
    year="2007",
    note="Critical Review",
    pages="30-33",
}


@article{logicpuzzles,
    author="Browne, C. ",
    title="In Computational Intelligence in Games",
    year="2013",
    note="Deductive search for logic puzzles.",
}

@article{magyarmodszer,
    author="Kuhn, H. W. ",
    title="The Hungarian method for the assignment problem.",
    year="1955",
    note="Naval Research Logistics ",
    pages= "83-97",
}

@article{gardens,
	title="http://www.mathsisfun.com/puzzles/gardens.html",
}

@article{zebra,
	title="https://www.brainzilla.com/logic/zebra/",
}



