@article{MAINEMELIS200681,
    title = "Ideas are Born in Fields of Play: Towards a Theory of Play and Creativity in Organizational Settings",
    journal = "Research in Organizational Behavior",
    volume = "27",
    pages = "81 - 131",
    year = "2006",
    note = "Research in Organizational Behavior",
    issn = "0191-3085",
    doi = "https://doi.org/10.1016/S0191-3085(06)27003-5",
    url = "http://www.sciencedirect.com/science/article/pii/S0191308506270035",
    author = "Charalampos Mainemelis and Sarah Ronson"
}
@article{LARIOS2018746,
title = "Filter feeders increase sedimentation of titanium dioxide: The case of zebra mussels",
journal = "Science of The Total Environment",
volume = "618",
pages = "746 - 752",
year = "2018",
issn = "0048-9697",
doi = "https://doi.org/10.1016/j.scitotenv.2017.08.150",
url = "http://www.sciencedirect.com/science/article/pii/S0048969717321484",
author = "Araceli D. Larios and Rama Pulicharla and Satinder Kaur Brar and Maximiliano Cled√≥n",
keywords = "Zebra mussel, Ecotoxicology, TiO, Bioaccumulation,bio- magnification, Sediments"
}
@article{Bordeaux:2006:PSC:1177352.1177354,
 author = {Bordeaux, Lucas and Hamadi, Youssef and Zhang, Lintao},
 title = {Propositional Satisfiability and Constraint Programming: A Comparative Survey},
 journal = {ACM Comput. Surv.},
 issue_date = {2006},
 volume = {38},
 number = {4},
 month = dec,
 year = {2006},
 issn = {0360-0300},
 articleno = {12},
 url = {http://doi.acm.org/10.1145/1177352.1177354},
 doi = {10.1145/1177352.1177354},
 acmid = {1177354},
 publisher = {ACM},
 address = {New York, NY, USA},
 keywords = {SAT, Search, constraint satisfaction},
}
@inproceedings{Khuri:2000:GGA:335603.335880,
 author = {Khuri, Sami and Walters, Tim and Sugono, Yanti},
 title = {A Grouping Genetic Algorithm for Coloring the Edges of Graphs},
 booktitle = {Proceedings of the 2000 ACM Symposium on Applied Computing - Volume 1},
 series = {SAC '00},
 year = {2000},
 isbn = {1-58113-240-9},
 location = {Como, Italy},
 pages = {422--427},
 numpages = {6},
 url = {http://doi.acm.org/10.1145/335603.335880},
 doi = {10.1145/335603.335880},
 acmid = {335880},
 publisher = {ACM},
 address = {New York, NY, USA},
 keywords = {combinatorial optimization, edge coloring problem, genetic algorithms, grouping genetic algorithm},
}
@article{Soricone:2004:CAG:1046191.1032304,
 author = {Soricone, Robert and Neville, Melvin},
 title = {Comparative Analysis of Genetic Algorithm Implementations},
 journal = {Ada Lett.},
 issue_date = {December 2004},
 volume = {XXIV},
 number = {4},
 month = nov,
 year = {2004},
 issn = {1094-3641},
 pages = {35--38},
 numpages = {4},
 url = {http://doi.acm.org/10.1145/1046191.1032304},
 doi = {10.1145/1046191.1032304},
 acmid = {1032304},
 publisher = {ACM},
 address = {New York, NY, USA},
 keywords = {genetic algorithms, parameterized types},
}
@inproceedings{Garrett:2005:GAS:1068009.1068333,
 author = {Garrett, Deon and Vannucci, Joseph and Silva, Rodrigo and Dasgupta, Dipankar and Simien, James},
 title = {Genetic Algorithms for the Sailor Assignment Problem},
 booktitle = {Proceedings of the 7th Annual Conference on Genetic and Evolutionary Computation},
 series = {GECCO '05},
 year = {2005},
 isbn = {1-59593-010-8},
 location = {Washington DC, USA},
 pages = {1921--1928},
 numpages = {8},
 url = {http://doi.acm.org/10.1145/1068009.1068333},
 doi = {10.1145/1068009.1068333},
 acmid = {1068333},
 publisher = {ACM},
 address = {New York, NY, USA},
 keywords = {CHC, assignment problem, genetic algorithms},
}
@inproceedings{Legg:2005:FUD:1068009.1068216,
 author = {Legg, Shane and Hutter, Marcus},
 title = {Fitness Uniform Deletion: A Simple Way to Preserve Diversity},
 booktitle = {Proceedings of the 7th Annual Conference on Genetic and Evolutionary Computation},
 series = {GECCO '05},
 year = {2005},
 isbn = {1-59593-010-8},
 location = {Washington DC, USA},
 pages = {1271--1278},
 numpages = {8},
 url = {http://doi.acm.org/10.1145/1068009.1068216},
 doi = {10.1145/1068009.1068216},
 acmid = {1068216},
 publisher = {ACM},
 address = {New York, NY, USA},
 keywords = {genetic algorithms, population diversity},
}
@inproceedings{Brezulianu:2009:GAA:1644993.1645085,
 author = {Brezulianu, Adrian and Fira, Monica and Fira, Lucian},
 title = {A Genetic Algorithm Approach for a Constrained Employee Scheduling Problem As Applied to Employees at Mall Type Shops},
 booktitle = {Proceedings of the 2009 International Conference on Hybrid Information Technology},
 series = {ICHIT '09},
 year = {2009},
 isbn = {978-1-60558-662-5},
 location = {Daejeon, Korea},
 pages = {497--501},
 numpages = {5},
 url = {http://doi.acm.org/10.1145/1644993.1645085},
 doi = {10.1145/1644993.1645085},
 acmid = {1645085},
 publisher = {ACM},
 address = {New York, NY, USA},
 keywords = {genetic algorithm, scheduling problem},
}
@inproceedings{Raghavjee:2010:IGA:1899503.1899555,
 author = {Raghavjee, Rushil and Pillay, Nelishia},
 title = {An Informed Genetic Algorithm for the High School Timetabling Problem},
 booktitle = {Proceedings of the 2010 Annual Research Conference of the South African Institute of Computer Scientists and Information Technologists},
 series = {SAICSIT '10},
 year = {2010},
 isbn = {978-1-60558-950-3},
 location = {Bela Bela, South Africa},
 pages = {408--412},
 numpages = {5},
 url = {http://doi.acm.org/10.1145/1899503.1899555},
 doi = {10.1145/1899503.1899555},
 acmid = {1899555},
 publisher = {ACM},
 address = {New York, NY, USA},
 keywords = {genetic algorithms, school timetabling},
}
@inproceedings{Goodman:2012:IGA:2330784.2330911,
 author = {Goodman, Erik D.},
 title = {Introduction to Genetic Algorithms},
 booktitle = {Proceedings of the 14th Annual Conference Companion on Genetic and Evolutionary Computation},
 series = {GECCO '12},
 year = {2012},
 isbn = {978-1-4503-1178-6},
 location = {Philadelphia, Pennsylvania, USA},
 pages = {671--692},
 numpages = {22},
 url = {http://doi.acm.org/10.1145/2330784.2330911},
 doi = {10.1145/2330784.2330911},
 acmid = {2330911},
 publisher = {ACM},
 address = {New York, NY, USA},
 keywords = {genetic algorithm},
}
@book{Apt:2003:PCP:1237975,
 author = {Apt, Krzysztof},
 title = {Principles of Constraint Programming},
 year = {2003},
 isbn = {0521825830},
 publisher = {Cambridge University Press},
 address = {New York, NY, USA},
}
@inproceedings{Merelo-Guervos:2013:IES:2463372.2463473,
 author = {Merelo-Guerv\'{o}s, Juan Juli\'{a}n and Castillo, Pedro and Mora Garc\'{\i}a, Antonio M. and Esparcia-Alc\'{a}zar, Anna I.},
 title = {Improving Evolutionary Solutions to the Game of Mastermind Using an Entropy-based Scoring Method},
 booktitle = {Proceedings of the 15th Annual Conference on Genetic and Evolutionary Computation},
 series = {GECCO '13},
 year = {2013},
 isbn = {978-1-4503-1963-8},
 location = {Amsterdam, The Netherlands},
 pages = {829--836},
 numpages = {8},
 url = {http://doi.acm.org/10.1145/2463372.2463473},
 doi = {10.1145/2463372.2463473},
 acmid = {2463473},
 publisher = {ACM},
 address = {New York, NY, USA},
 keywords = {evolutionary algorithms, games, optimization, puzzles},
}
@inproceedings{Sungu:2015:EAW:2739482.2768488,
 author = {Sungu, Gizem and Boz, Betul},
 title = {An Evolutionary Algorithm for Weighted Graph Coloring Problem},
 booktitle = {Proceedings of the Companion Publication of the 2015 Annual Conference on Genetic and Evolutionary Computation},
 series = {GECCO Companion '15},
 year = {2015},
 isbn = {978-1-4503-3488-4},
 location = {Madrid, Spain},
 pages = {1233--1236},
 numpages = {4},
 url = {http://doi.acm.org/10.1145/2739482.2768488},
 doi = {10.1145/2739482.2768488},
 acmid = {2768488},
 publisher = {ACM},
 address = {New York, NY, USA},
 keywords = {genetic algorithms, graph coloring problem},
}
@inproceedings{Smith:1995:FIG:315891.316014,
 author = {Smith, Robert E. and Dike, B. A. and Stegmann, S. A.},
 title = {Fitness Inheritance in Genetic Algorithms},
 booktitle = {Proceedings of the 1995 ACM Symposium on Applied Computing},
 series = {SAC '95},
 year = {1995},
 isbn = {0-89791-658-1},
 location = {Nashville, Tennessee, USA},
 pages = {345--350},
 numpages = {6},
 url = {http://doi.acm.org/10.1145/315891.316014},
 doi = {10.1145/315891.316014},
 acmid = {316014},
 publisher = {ACM},
 address = {New York, NY, USA},
 keywords = {genetic algorithm, inheritance, optimization},
}